<record><leader>00000cas a22000007a 4500</leader><controlfield tag="001">1758704</controlfield><controlfield tag="008">751101d19191947mnuwr ne      0    0eng d</controlfield><datafield ind1=" " ind2=" " tag="010"><subfield code="a">sn 90057499 </subfield></datafield><datafield ind1=" " ind2=" " tag="040"><subfield code="a">MUL</subfield><subfield code="b">eng</subfield><subfield code="c">MUL</subfield><subfield code="d">MN#</subfield><subfield code="d">OCLCQ</subfield><subfield code="d">OCLCF</subfield><subfield code="d">OCLCO</subfield><subfield code="d">IUL</subfield><subfield code="d">OCL</subfield></datafield><datafield ind1=" " ind2=" " tag="042"><subfield code="a">msc</subfield></datafield><datafield ind1=" " ind2=" " tag="043"><subfield code="a">n-us-mn</subfield></datafield><datafield ind1=" " ind2=" " tag="052"><subfield code="a">4144</subfield><subfield code="b">M7</subfield></datafield><datafield ind1=" " ind2=" " tag="052"><subfield code="a">4143</subfield><subfield code="b">C5</subfield></datafield><datafield ind1="0" ind2=" " tag="130"><subfield code="a">Country press (Moorhead, Minn.)</subfield></datafield><datafield ind1="0" ind2="4" tag="245"><subfield code="a">The country press.</subfield></datafield><datafield ind1=" " ind2=" " tag="260"><subfield code="a">Moorhead, Minn. :</subfield><subfield code="b">Country Press Pub. Co.,</subfield><subfield code="c">1919-1947.</subfield></datafield><datafield ind1=" " ind2=" " tag="300"><subfield code="a">30 v.</subfield></datafield><datafield ind1=" " ind2=" " tag="310"><subfield code="a">Weekly</subfield></datafield><datafield ind1="0" ind2=" " tag="362"><subfield code="a">Vol. 28, no. 46 (July 25, 1919)-v. 57, no. 16 (Jan. 24, 1947).</subfield></datafield><datafield ind1=" " ind2=" " tag="530"><subfield code="a">Available on microfilm from the Minnesota Historical Society.</subfield></datafield><datafield ind1=" " ind2="0" tag="651"><subfield code="a">Moorhead (Minn.)</subfield><subfield code="v">Newspapers.</subfield></datafield><datafield ind1=" " ind2="0" tag="651"><subfield code="a">Clay County (Minn.)</subfield><subfield code="v">Newspapers.</subfield></datafield><datafield ind1=" " ind2="7" tag="651"><subfield code="a">Minnesota</subfield><subfield code="z">Clay County.</subfield><subfield code="2">fast</subfield><subfield code="0">(OCoLC)fst01214895</subfield></datafield><datafield ind1=" " ind2="7" tag="651"><subfield code="a">Minnesota</subfield><subfield code="z">Moorhead.</subfield><subfield code="2">fast</subfield><subfield code="0">(OCoLC)fst01208413</subfield></datafield><datafield ind1=" " ind2="7" tag="655"><subfield code="a">Newspapers.</subfield><subfield code="2">fast</subfield><subfield code="0">(OCoLC)fst01423814</subfield></datafield><datafield ind1=" " ind2=" " tag="752"><subfield code="a">United States</subfield><subfield code="b">Minnesota</subfield><subfield code="c">Clay</subfield><subfield code="d">Moorhead.</subfield></datafield><datafield ind1="0" ind2="0" tag="780"><subfield code="t">Clay County leader (Moorhead, Minn.)</subfield><subfield code="w">(DLC)sn 90057498</subfield><subfield code="w">(OCoLC)1554862</subfield></datafield><datafield ind1="0" ind2="0" tag="785"><subfield code="t">Clay Sunday press and the country press</subfield><subfield code="w">(DLC)sn 90057500</subfield><subfield code="w">(OCoLC)1554866</subfield></datafield><datafield ind1="1" ind2=" " tag="029"><subfield code="a">AU@</subfield><subfield code="b">000025871462</subfield></datafield></record>